%% This BibTeX bibliography file was created using BibDesk.
%% http://bibdesk.sourceforge.net/


%% Created for Pedram Razavi at 2013-04-20 18:31:58 -0400 


%% Saved with string encoding Unicode (UTF-8) 



@url{hashshoot,
	Author = {Nick Welch},
	Date-Added = {2013-04-20 22:15:38 +0000},
	Date-Modified = {2013-04-20 22:17:45 +0000},
	Howpublished = {\url{https://github.com/mackstann/hash-table-shootout}},
	Lastchecked = {2013},
	Note = {[Online; accessed April-2013]},
	Title = {Hash Table Shootout},
	Year = {2010}}

@url{bench_suite,
	Author = {Nick Welch},
	Date-Added = {2013-04-20 22:15:38 +0000},
	Date-Modified = {2013-04-20 22:17:45 +0000},
	Howpublished = {\url{https://bitbucket.org/python_mirrors/benchmarks}},
	Lastchecked = {2013},
	Note = {[Online; accessed April-2013]},
	Title = {The Grand Unified Python Benchmark Suite},
	Year = {2010}}

@url{wsgi,
	Author = {Nicholas Pi{\"e}l},
	Date-Added = {2013-04-20 22:15:38 +0000},
	Date-Modified = {2013-04-20 22:17:45 +0000},
	Howpublished = {\url{http://nichol.as/benchmark-of-python-web-servers}},
	Lastchecked = {2013},
	Note = {[Online; accessed April-2013]},
	Title = {Benchmark of Python WSGI Servers},
	Year = {2010}}

@url{python27,
	Author = {Python Software Foundation},
	Date-Added = {2013-04-20 22:15:38 +0000},
	Date-Modified = {2013-04-20 22:17:45 +0000},
	Howpublished = {\url{http://www.python.org/getit/releases/2.7.3/}},
	Lastchecked = {2013},
	Note = {[Online; accessed April-2013]},
	Title = {Python 2.7.3},
	Year = {2012}}

@url{prefetch,
	Author = {GNU Compiler Collection},
	Date-Added = {2013-04-20 22:15:38 +0000},
	Date-Modified = {2013-04-20 22:17:45 +0000},
	Howpublished = {\url{http://gcc.gnu.org/onlinedocs/gcc/Other-Builtins.html}},
	Lastchecked = {2013},
	Note = {[Online; accessed April-2013]},
	Title = {Built-in Functions Provided by GCC}}

@url{pybench,
	Author = {Python Software Foundation},
	Date-Added = {2013-04-20 22:15:38 +0000},
	Date-Modified = {2013-04-20 22:17:45 +0000},
	Howpublished = {\url{http://svn.python.org/projects/python/trunk/Tools/pybench/}},
	Lastchecked = {2013},
	Note = {[Online; accessed April-2013]},
	Title = {PyBench - A Python Benchmark Suite},
	Year = {2012}}

@inproceedings{mihai,
	Acmid = {1993638},
	Address = {New York, NY, USA},
	Author = {Patrascu, Mihai and Thorup, Mikkel},
	Booktitle = {Proceedings of the 43rd annual ACM symposium on Theory of computing},
	Date-Added = {2013-04-20 21:23:28 +0000},
	Date-Modified = {2013-04-20 21:47:39 +0000},
	Doi = {10.1145/1993636.1993638},
	Isbn = {978-1-4503-0691-1},
	Keywords = {concentration bounds, cuckoo hashing, independence, linear probing, minwise independence, tabulation hashing},
	Location = {San Jose, California, USA},
	Numpages = {10},
	Publisher = {ACM},
	Series = {STOC '11},
	Title = {The power of simple tabulation hashing},
	Url = {http://doi.acm.org/10.1145/1993636.1993638},
	Year = {2011},
	Bdsk-Url-1 = {http://doi.acm.org/10.1145/1993636.1993638},
	Bdsk-Url-2 = {http://dx.doi.org/10.1145/1993636.1993638}}

@techreport{python,
	Author = {Guido van Rossum},
	Institution = {Centrum voor Wiskunde en Informatica (CWI), Amsterdam},
	Title = {Python Tutorial, Technical Report CS-R9526},
	Year = {1995}}

